% !Mode::"BibTeX:UTF-8"

@article{222,
  title={Analysis of Sea Surface Roughness and its Response to ENSO[J]},
  author={Wang Chao, Luo Yongjun.},
  journal={Ship Electronic Engineering,},
  volume={49},
  number={6},
  pages={154-157},
  year={2010},
}

@article{444,
  title={Radio Propagation Modeling},
  author={Thomas Schwengler},
  year={2011},
  note={Available: \href{http://morse.colorado.edu/~tlen5510/text/classwebch3.html\#x14-630003.4}{http://morse.colorado.edu/~tlen5510/text/classwebch3.html\#x14-630003.4}},
}
